<?xml version="1.0" encoding="UTF-8"?><collection xmlns="http://www.loc.gov/MARC21/slim"><record><leader>00427nam--2200169-u-4500</leader><controlfield tag="001">000051354</controlfield><controlfield tag="002">20161230</controlfield><controlfield tag="005">20170119003322</controlfield><controlfield tag="008">080704s1000------------r-----000-0-eng-d</controlfield><datafield ind1=" " ind2=" " tag="040"><subfield code="a">IFIN-HH</subfield></datafield><datafield ind1=" " ind2=" " tag="080"><subfield code="a">519.217</subfield></datafield><datafield ind1="1" ind2=" " tag="100"><subfield code="a">Maslov, V. P</subfield></datafield><datafield ind1="1" ind2="0" tag="245"><subfield code="a">Kompleksnye Markovskie Tsepi i Kontinualnyi Integral Feinmana</subfield></datafield><datafield ind1=" " ind2=" " tag="260"><subfield code="a">Moskva</subfield><subfield code="b">Nauka</subfield><subfield code="c">1976</subfield></datafield><datafield ind1=" " ind2=" " tag="300"><subfield code="a">190 p</subfield></datafield><datafield ind1=" " ind2=" " tag="852"><subfield code="a">44317</subfield><subfield code="c">517</subfield></datafield><datafield ind1=" " ind2=" " tag="CAT"><subfield code="a">SYS</subfield><subfield code="c">20170119</subfield><subfield code="h">003322</subfield></datafield></record></collection>